% Encoding: UTF-8``

@online{Lotanna2019,
    author = {Lotanna, Nwose},
    title = {New Angular features you didn’t know existed},
    date = {2019-03-06},
    url = {https://blog.logrocket.com/new-angular-features-you-didnt-know-existed-7f292a6e7afc/},
    urldate = {2019-12-01}
}

@Online{Redondo2017,
  author  = {Redondo, Félix},
  title   = {The TIOBE Index: How do you measure which programming languages are the most used?},
  date    = {2017-03-20},
  url     = {https://en.paradigmadigital.com/dev/tiobe-index-measure-programming-languages-used/},
  urldate = {2019-03-27},
}

@Online{Hamedani2018,
  author  = {Hamedani, Mosh},
  title   = {React vs. Angular: The Complete Comparison},
  date    = {2018-11-05},
  url     = {https://programmingwithmosh.com/react/react-vs-angular/},
  urldate = {2019-04-03},
}

@Book{Baer2018,
  author    = {Baer, Eric},
  title     = {What is React and why it matters},
  year      = {2018},
  publisher = {O'Reilly Media, Inc},
  urldate   = {2019-04-05},
  address   = {Sebastopol, California, United States},
}

@Online{Sridhar2017,
  author  = {Jay Sridhar},
  title   = {What is JavaScript and how does it work?},
  date    = {2017-10-02},
  url     = {https://www.makeuseof.com/tag/what-is-javascript/},
  urldate = {2019-03-02},
}

@Online{Fain2016,
  author  = {Yakov Fain},
  title   = {Angular 2 and TypeScript - A High Level Overview},
  date    = {2016-04-26},
  url     = {https://www.infoq.com/articles/Angular2-Typescript-High-Level-Overview},
  urldate = {2019-05-20},
}

@Online{Shan2015,
  author  = {Shan, Paul},
  title   = {What's new in Angular 2.0? Why it's rewritten - addressing few confusions},
  date    = {2015-11-21},
  url     = {http://voidcanvas.com/angular-2-introduction},
  urldate = {2019-05-20},
}

@Online{Mozilla2018,
  author  = {{Mozilla}},
  title   = {JavaScript},
  year    = {2018},
  url     = {https://developer.mozilla.org/en-US/docs/Web/JavaScript},
  urldate = {2019-05-21},
}

@Online{Clark2017,
  author  = {Clark, Lin},
  title   = {A crash course in just-in-time (JIT) compilers},
  date    = {2017-02-28},
  url     = {https://hacks.mozilla.org/2017/02/a-crash-course-in-just-in-time-jit-compilers/},
  urldate = {2019-04-05},
}

@Online{Peyrott2017,
  author  = {Peyrott, Sebastian},
  title   = {A Brief History of JavaScript},
  date    = {2017-01-27},
  url     = {https://auth0.com/blog/a-brief-history-of-javascript/},
  urldate = {2019-03-30},
}

@Online{Domes2017,
  author  = {Domes, Scott},
  title   = {Everything You Should Know About React: The Basics You Need to Start Building},
  date    = {2017-11-13},
  url     = {https://medium.freecodecamp.org/everything-you-need-to-know-about-react-eaedf53238c4},
  urldate = {2019-04-05},
}

@Online{Occhino2015,
  author  = {Occhino, Tom},
  title   = {Introducing React Native (React.js Config 2015)},
  date    = {2015-01-28},
  url     = {https://www.youtube.com/watch?v=KVZ-PZI6W4},
  urldate = {2019-05-21},
}

@Online{Occhino2013,
  author  = {Occhino, Tom},
  title   = {JS Apps at Facebook (JSConfUS 2013)},
  year    = {2013},
  url     = {https://www.youtube.com/watch?v=GW0j4sNH2w},
  urldate = {2019-05-22},
}

@Online{Angular2019a,
  author  = {Angular},
  title   = {Architecture overview},
  year    = {2019},
  url     = {https://angular.io/guide/architecture},
  urldate = {2019-05-20},
}

@Online{Angular2019b,
  author  = {Angular},
  title   = {Introduction to modules},
  year    = {2019},
  url     = {https://angular.io/guide/architecture-modules},
  urldate = {2019-05-20},
}

@Online{Angular2019c,
  author  = {Angular},
  title   = {Component},
  year    = {2019},
  url     = {https://angular.io/api/core/Component},
  urldate = {2019-05-20},
}

@Online{Angular2019d,
  author  = {Angular},
  title   = {Introduction to services and dependency injection},
  year    = {2019},
  url     = {https://angular.io/guide/architecture-services},
  urldate = {2019-05-20},
}

@Online{Angular2019e,
  author  = {Angular},
  title   = {Dependency Injection in Angular},
  year    = {2019},
  url     = {https://angular.io/guide/dependency-injection},
  urldate = {2019-05-20},
}

@Online{React2019a,
    author = {React},
    title  = {Introducing JSX},
    year   = {2019},
    url    = {https://reactjs.org/docs/introducing-jsx.html},
}

@Online{React2019b,
  author = {React},
  title  = {Rendering Elements},
  year   = {2019},
  url    = {https://reactjs.org/docs/rendering-elements.html},
}

@Online{React2019c,
    author = {React},
    title  = {Components and Props},
    year   = {2019},
    url    = {https://reactjs.org/docs/components-and-props.html},
    urldate = {2019-12-22}
}

@Online{React2019d,
    author = {React},
    title  = {State and lifecycle},
    year   = {2019},
    url    = {https://reactjs.org/docs/state-and-lifecycle.html},
    urldate = {2019-12-22}
}

@Online{React2019e,
    author = {React},
    title  = {React.component},
    year   = {2019},
    url    = {https://reactjs.org/docs/react-component.html},
    urldate = {2019-12-22},
}

@Online{React2019f,
    author = {React},
    title  = {Handling events},
    year   = {2019},
    url    = {https://reactjs.org/docs/handling-events.html},
    urldate = {2019-12-22},
}

@Online{React2019g,
    author = {React},
    title  = {Conditional rendering},
    year   = {2019},
    url    = {https://reactjs.org/docs/conditional-rendering.html},
    urldate = {2019-12-23},
}

@Online{React2019h,
    author = {React},
    title  = {Lists and Keys},
    year   = {2019},
    url    = {https://reactjs.org/docs/lists-and-keys.html},
    urldate = {2019-12-23},
}

@Online{React2019i,
author = {React},
title  = {Forms},
year   = {2019},
url    = {https://reactjs.org/docs/forms.html},
urldate = {2019-12-23},
}

@Online{React2019j,
    author = {React},
    title  = {Lifting State Up},
    year   = {2019},
    url    = {https://reactjs.org/docs/lifting-state-up.html},
    urldate = {2019-12-23},
}

@Online{React2019k,
    author = {React},
    title  = {Composition vs Inheritance},
    year   = {2019},
    url    = {https://reactjs.org/docs/composition-vs-inheritance.html},
    urldate = {2019-12-23},
}


@Online{Mithril2019c,
author = {Mithril},
title = {Introduction},
year = {2019},
url = {https://mithril.js.org/},
urldate = {2019-12-02}
}

@Online{Mithril2019b,
    author = {Mithril},
    title = {Credits},
    year = {2019},
    url = {https://mithril.js.org/credits.html},
    urldate = {2019-12-06}
}

@Online{Mithril2019g,
    author = {Mithril},
    title = {Virtual DOM nodes},
    year = {2019},
    url = {https://mithril.js.org/vnodes.html},
    urldate = {2019-12-04}
}

@Online{Mithril2019a,
    author = {Mithril},
    title = {Components},
    year = {2019},
    url = {https://mithril.js.org/components.html},
    urldate = {2019-12-06}
}

@Online{Mithril2019e,
    author = {Mithril},
    title = {Lifecycle methods},
    year = {2019},
    url = {https://mithril.js.org/lifecycle-methods.html},
    urldate = {2019-12-20}
}

@Online{Mithril2019d,
    author = {Mithril},
    title = {Keys},
    year = {2019},
    url = {https://mithril.js.org/keys.html},
    urldate = {2019-12-21}
}

@Online{Mithril2019f,
    author = {Mithril},
    title = {The auto-redraw system},
    year = {2019},
    url = {https://mithril.js.org/autoredraw.html},
    urldate = {2019-12-22}
}

@Online{Gilbert2018,
    author = {Gilbert},
    title = {Mithril.js: A Tutorial Introduction (Part 1)},
    date = {2018-12-06},
    url = {https://gilbert.ghost.io/mithril-js-tutorial-1/},
    urldate = {2019-12-02}
}

@Online{Coulman2015,
    author = {Coulman, Randy},
    title = {JavaScript Framework Size},
    date = {2015-02-17},
    url = {https://randycoulman.com/blog/2015/02/17/javascript-framework-size/},
    urldate = {2019-12-29}
}

@Online{Gimeno2018,
    author = {Gimeno, Alberto},
    title = {The deepest reason why modern JavaScript frameworks exist},
    date = {2018-03-27},
    url = {https://medium.com/dailyjs/the-deepest-reason-why-modern-javascript-frameworks-exist-933b86ebc445},
    urldate = {2020-01-05}
}

@Online{Hannah2015,
    author = {Hannah, John},
    title = {Choosing the Right JavaScript Framework for the Job},
    date = {2015-04-09},
    url = {https://www.lullabot.com/articles/choosing-the-right-javascript-framework-for-the-job},
    urldate = {2020-01-06}
}


@Comment{jabref-meta: databaseType:biblatex;}
