% Encoding: UTF-8
@ARTICLE{Doll1954,
  author = {Doll, Richard and Hill, A Bradford},
  title = {The mortality of doctors in relation to their smoking habits: a preliminary
	report},
  journal = {British Medical Journal},
  year = {1954},
  volume = {328},
  pages = {1529-1533},
  number = {7455},
  owner = {jbuy519},
  timestamp = {2014.03.28}
}

@BOOK{Smits2011,
  title = {Onderzoek met SPSS en Excel},
  publisher = {Pearson Education},
  year = {2011},
  author = {Smits, Johan and Edens, Ronald},
  owner = {jbuy519},
  timestamp = {2014.01.23}
}

@ARTICLE{Richard2016,
	title = {The top 10 things wrong with JavaScript},
	journal = {},
	year = {2016},
	volume = {},
	pages = {},
	owner = {},
	timestamp = {2016.02.14}
}

@ARTICLE{Hackernoon2018,
	title = {Top 3 most popular programming languages in 2018},
	journal = {},
	year = {2018},
	volume = {},
	pages = {},
	owner = {},
	timestamp = {2018.02.14}
}

@ARTICLE{FreeCodeCamp2018,
	title = {A comparison between angular and react and their core language},
	journal = {},
	year = {2018},
	volume = {},
	pages = {},
	owner = {},
	timestamp = {2018.02.14}
}

@Comment{jabref-meta: databaseType:biblatex;}
